<collection xmlns="http://www.loc.gov/MARC21/slim">
<record>
  <leader>01264nam0a22002531i 450 </leader>
  <controlfield tag="001">IT\ICCU\CNCE\075046</controlfield>
  <controlfield tag="005">20100211000000.0</controlfield>
  <datafield tag="012" ind1=" " ind2=" ">
    <subfield code="a">uso- tiue inpo ossq (C) 1513 (Q)</subfield>
    <subfield code="2">fei</subfield>
  </datafield>
  <datafield tag="100" ind1=" " ind2=" ">
    <subfield code="a">20100211f1513        0itac0103    ba</subfield>
  </datafield>
  <datafield tag="101" ind1=" " ind2=" ">
    <subfield code="a">LAT</subfield>
  </datafield>
  <datafield tag="102" ind1=" " ind2=" ">
    <subfield code="a">IT</subfield>
  </datafield>
  <datafield tag="200" ind1="1" ind2=" ">
    <subfield code="a">Oratio per r.p.d. Mercurium de Vipera thesaurarium Beneuentanum sacri palatii causarum auditorem et decanum sacreque penitentiariae regentem in ingressu publicarum audientiarum habita</subfield>
  </datafield>
  <datafield tag="210" ind1=" " ind2=" ">
    <subfield code="d">\1513?!</subfield>
  </datafield>
  <datafield tag="215" ind1=" " ind2=" ">
    <subfield code="a">\4! c.</subfield>
    <subfield code="d">4ʻ</subfield>
  </datafield>
  <datafield tag="300" ind1=" " ind2=" ">
    <subfield code="a">Stampato a Roma da Johann Beplin; per il tipografo e la data cfr.: Short-title catalogue of books printed in Italy and of Italian books printed in other countries from 1465 to 1600 now in the British Library, p. 729</subfield>
  </datafield>
  <datafield tag="620" ind1=" " ind2=" ">
    <subfield code="a">IT</subfield>
    <subfield code="d">Roma</subfield>
  </datafield>
  <datafield tag="700" ind1=" " ind2="1">
    <subfield code="a">Vipera,</subfield>
    <subfield code="b">Giovanni Mercurio</subfield>
    <subfield code="3">IT\ICCU\CNCA\008029</subfield>
  </datafield>
  <datafield tag="712" ind1="0" ind2="0">
    <subfield code="a">Beplin, Johann</subfield>
    <subfield code="3">IT\ICCU\CNCT\001177</subfield>
    <subfield code="4">650</subfield>
  </datafield>
  <datafield tag="790" ind1=" " ind2="1">
    <subfield code="a">Vipera,</subfield>
    <subfield code="b">Mercurio</subfield>
    <subfield code="3">IT\ICCU\CNCA\025378</subfield>
    <subfield code="z">Vipera, Giovanni Mercurio</subfield>
  </datafield>
  <datafield tag="790" ind1=" " ind2="1">
    <subfield code="a">Vipera,</subfield>
    <subfield code="b">Mercurius</subfield>
    <subfield code="3">IT\ICCU\CNCA\025379</subfield>
    <subfield code="z">Vipera, Giovanni Mercurio</subfield>
  </datafield>
  <datafield tag="791" ind1="0" ind2="0">
    <subfield code="a">Beplinus, Ioannes</subfield>
    <subfield code="3">IT\ICCU\CNCT\004342</subfield>
    <subfield code="z">Beplin, Johann</subfield>
  </datafield>
  <datafield tag="801" ind1=" " ind2="3">
    <subfield code="a">IT</subfield>
    <subfield code="b">ICCU</subfield>
    <subfield code="c">20201115</subfield>
  </datafield>
  <datafield tag="899" ind1=" " ind2=" ">
    <subfield code="a">Biblioteca Apostolica Vaticana. Citt ̉del Vaticano</subfield>
    <subfield code="1">EX0001</subfield>
    <subfield code="2">ZCV 01</subfield>
  </datafield>
  <datafield tag="899" ind1=" " ind2=" ">
    <subfield code="a">British Library. London</subfield>
    <subfield code="1">UK0001</subfield>
  </datafield>
</record>
</collection>
